% https://mirror.las.iastate.edu/tex-archive/macros/latex/contrib/IEEEtran/bibtex/IEEEtran_bst_HOWTO.pdf


@article{paper:themanyfacesofpubsub,
    author = {Eugster, Patrick Th. and Felber, Pascal A. and Guerraoui, Rachid and Kermarrec, Anne-Marie},
    title = {The Many Faces of Publish/Subscribe},
    year = {2003},
    issue_date = {June 2003},
    publisher = {Association for Computing Machinery},
    address = {New York, NY, USA},
    volume = {35},
    number = {2},
    issn = {0360-0300},
    url = {https://doi.org/10.1145/857076.857078},
    doi = {10.1145/857076.857078},
    journal = {ACM Comput. Surv.},
    month = {6},
    pages = {114–131},
    numpages = {18},
    keywords = {interaction, Distribution, publish/subscribe}
}

@mastersthesis{tfm:victor2017,
    author = {Ramp{\'e}rez Mart{\'i}n, V{\'i}ctor },
    school = {ETSI\_Informatica - Universidad Politecnica de Madrid},
    title = {Improving elasticity in publish/subscribe systems for large-scale IoT based services},
    url = {http://oa.upm.es/51464/},
    year = {2017}
}

@phdthesis{thesis:tesisSVavassori,
    author = {Vavassori, Sergio},
    doi = {10.20868/UPM.thesis.39615},
    pages = {147},
    school = {Universidad Polit{\'{e}}cnica de Madrid},
    title = {{A Novel Approach to Context-Aware Content-Based Middleware}},
    url = {http://oa.upm.es/39615/},
    year = {2016}
}

@unpublished{thesis:tesisVictor,
    author = {Ramp{\'e}rez Mart{\'i}n, V{\'i}ctor},
    doi = {},
    pages = {},
    school = {ETSI\_Informatica - Universidad Politecnica de Madrid},
    title = {A Technology-Agnostic Approach to Auto-Scale Services in Heterogeneous Clouds},
    url = {http://oa.upm.es/67259/},
    year = {2021}
}

@article{paper:flas,
   author = {Mart{\'i}n, V{\'i}ctor and Soriano, Javier and Lizcano, David and A. Lara, Juan},
   doi = {https://doi.org/10.1016/j.future.2020.12.025},
   issn = {0167-739X},
   journal = {Future Generation Computer Systems},
   keywords = {Automatic scaling,Cloud,Distributed systems,Elasticity},
   pages = {56-72},
   title = {FLAS: A combination of proactive and reactive auto-scaling architecture for distributed services},
   volume = {118},
   url = {https://www.sciencedirect.com/science/article/pii/S0167739X20330879},
   year = {2021},
}

@article{paper:type_of_workloads,
   author = {Ali Yadavar Nikravesh and Samuel A. Ajila and Chung Horng Lung},
   doi = {10.1186/s13677-017-0073-4},
   issn = {2192113X},
   issue = {1},
   journal = {Journal of Cloud Computing},
   keywords = {Auto-scaling,Cloud computing,Cloud resource provisioning,Decision fusion technique,Empirical risk minimization,Multi-layer perceptron,Multi-layer perceptron with weight decay,Structural risk minimization,Workload pattern},
   month = {12},
   publisher = {Springer Verlag},
   title = {An autonomic prediction suite for cloud resource provisioning},
   volume = {6},
   year = {2017},
}



@inproceedings{paper:mammoth_paper,
    author = {Ca\~{n}as, C\'{e}sar and Zhang, Kaiwen and Kemme, Bettina and Kienzle, J\"{o}rg and Jacobsen, Hans-Arno},
    title = {Publish/Subscribe Network Designs for Multiplayer Games},
    year = {2014},
    isbn = {9781450327855},
    publisher = {Association for Computing Machinery},
    address = {New York, NY, USA},
    url = {https://doi.org/10.1145/2663165.2663337},
    doi = {10.1145/2663165.2663337},
    booktitle = {Proceedings of the 15th International Middleware Conference},
    pages = {241–252},
    numpages = {12},
    keywords = {publish/subscribe, multiplayer games, interest management},
    location = {Bordeaux, France},
    series = {Middleware '14}
}

@inproceedings{paper:streamhub,
    author = {Barazzutti, Rapha\"{e}l and Felber, Pascal and Fetzer, Christof and Onica, Emanuel and Pineau, Jean-Fran\c{c}ois and Pasin, Marcelo and Rivi\`{e}re, Etienne and Weigert, Stefan},
    title = {StreamHub: A Massively Parallel Architecture for High-Performance Content-Based Publish/Subscribe},
    year = {2013},
    isbn = {9781450317580},
    publisher = {Association for Computing Machinery},
    address = {New York, NY, USA},
    url = {https://doi.org/10.1145/2488222.2488260},
    doi = {10.1145/2488222.2488260},
    booktitle = {Proceedings of the 7th ACM International Conference on Distributed Event-Based Systems},
    pages = {63–74},
    numpages = {12},
    keywords = {publish/subscribe, scalability, performance},
    location = {Arlington, Texas, USA},
    series = {DEBS '13}
}

@inproceedings{paper:e-streamhub,
  author={Barazzutti, Rapha\"{e}l and Heinze, Thomas and Martin, André and Onica, Emanuel and Felber, Pascal and Fetzer, Christof and Jerzak, Zbigniew and Pasin, Marcelo and Rivière, Etienne},
  title={Elastic Scaling of a High-Throughput Content-Based Publish/Subscribe Engine}, 
  year={2014},
  doi={10.1109/ICDCS.2014.64},
  volume={},
  number={},
  booktitle={2014 IEEE 34th International Conference on Distributed Computing Systems},
  pages={567-576}
}

@article{paper:chandy-lamport,
    author = {Chandy, K. Mani and Lamport, Leslie},
    title = {Distributed Snapshots: Determining Global States of Distributed Systems},
    year = {1985},
    issue_date = {Feb. 1985},
    publisher = {Association for Computing Machinery},
    address = {New York, NY, USA},
    volume = {3},
    number = {1},
    issn = {0734-2071},
    url = {https://doi.org/10.1145/214451.214456},
    doi = {10.1145/214451.214456},
    journal = {ACM Trans. Comput. Syst.},
    month = {2},
    pages = {63–75},
    numpages = {13}
}


@article{paper:autoscaling-review,
   author = {Lorido-Botran, Tania and Miguel-Alonso, Jose and A. Lozano, Jose},
   doi = {10.1007/s10723-014-9314-7},
   issn = {15729184},
   issue = {4},
   journal = {Journal of Grid Computing},
   keywords = {Auto-scaling,Cloud computing,Scalable applications,Service level agreement},
   month = {11},
   pages = {559-592},
   publisher = {Kluwer Academic Publishers},
   title = {A Review of Auto-scaling Techniques for Elastic Applications in Cloud Environments},
   volume = {12},
   year = {2014},
}

@article{paper:lackpublicworkloads,
    author = {Yu, Albert and Agarwal, Pankaj and Yang, Jun},
    year = {2014},
    month = {11},
    pages = {},
    title = {Generating Wide-Area Content-Based publish/subscribe workloads}
}
  
  
@inproceedings{paper:padres,
    author = {Fidler, E. and Jacobsen, Hans-arno and Li, Guoli and Mankovskii, Serge},
    year = {2005},
    month = {01},
    pages = {12-30},
    booktitle = {In 8th International Conference on Feature Interactions in Telecommunications and Software Systems},
    title = {The PADRES Distributed Publish/Subscribe System.}
}

@inproceedings{paper:gryphon,
    author={Opyrchal, Lukasz and Astley, Mark and Auerbach, Joshua and Banavar, Guruduth and Strom, Robert and Sturman, Daniel},
    editor={Sventek, Joseph and Coulson, Geoffrey},
    title={Exploiting IP Multicast in Content-Based Publish-Subscribe Systems},
    booktitle={Middleware 2000},
    year={2000},
    publisher={Springer Berlin Heidelberg},
    address={Berlin, Heidelberg},
    pages={185--207},
    isbn={978-3-540-45559-2}
}

@inproceedings{paper:hermes,
    author = {J. M. Bacon and P. R. Pietzuch},
    booktitle = {Proceedings 22nd International Conference on Distributed Computing Systems Workshops},
    title = {Hermes: A Distributed Event-Based Middleware Architecture},
    year = {2002},
    volume = {},
    issn = {},
    pages = {611-618},
    keywords = {},
    doi = {10.1109/ICDCSW.2002.1030837},
    url = {https://doi.ieeecomputersociety.org/10.1109/ICDCSW.2002.1030837},
    publisher = {IEEE Computer Society},
    address = {Los Alamitos, CA, USA},
    month = {7}
}

@inproceedings{paper:pubsub_mmo,
    author = {Ca\~{n}as, C\'{e}sar and Zhang, Kaiwen and Kemme, Bettina and Kienzle, J\"{o}rg and Jacobsen, Hans-Arno},
    title = {Publish/Subscribe Network Designs for Multiplayer Games},
    year = {2014},
    isbn = {9781450327855},
    publisher = {Association for Computing Machinery},
    address = {New York, NY, USA},
    url = {https://doi.org/10.1145/2663165.2663337},
    doi = {10.1145/2663165.2663337},
    booktitle = {Proceedings of the 15th International Middleware Conference},
    pages = {241–252},
    numpages = {12},
    keywords = {publish/subscribe, multiplayer games, interest management},
    location = {Bordeaux, France},
    series = {Middleware '14}
}

@article{paper:siena,
    author = {Carzaniga, Antonio and Rosenblum, David S. and Wolf, Alexander L.},
    title = {Design and Evaluation of a Wide-Area Event Notification Service},
    year = {2001},
    issue_date = {Aug. 2001},
    publisher = {Association for Computing Machinery},
    address = {New York, NY, USA},
    volume = {19},
    number = {3},
    issn = {0734-2071},
    url = {https://doi.org/10.1145/380749.380767},
    doi = {10.1145/380749.380767},
    journal = {ACM Trans. Comput. Syst.},
    month = {8},
    pages = {332–383},
    numpages = {52},
    keywords = {publish/subscribe, content-based addressing and routing, event notification}
}

@article{paper:elasticity,
    author = {Herbst, Nikolas and Kounev, Samuel and Reussner, Ralf},
    year = {2013},
    month = {01},
    pages = {23-27},
    title = {Elasticity in cloud computing: What it is, and what it is not},
    journal = {International Conference on Autonomic Computing}
}

@online{web:agenda2030,
    author = {Organización de las Naciones Unidas},
    title = {Objetivos de Desarrollo Sostenible},
    url = {https://www.agenda2030.gob.es/objetivos/home.htm}
}

@online{web:cettico,
    author = {Universidad Politécnica de Madrid},
    title  = {Information and Communications Technology Research Group: CETTICO},
    url    = {https://www.upm.es/recursosidi/en/map/en_information-and-communications-technology-research-group-cettico/}
}

@online{web:log4j,
    author = {Cybersecurity and Infrastructure Security Agency},
    title = {Apache Log4j Vulnerability Guidance},
    url = {https://www.cisa.gov/uscert/apache-log4j-vulnerability-guidance}
}

@online{web:caret,
    author = {Kuhn, Max},
    title = {Sección de datos para Series Temporales - Documentación del paquete ''caret''},
    url = {https://topepo.github.io/caret/data-splitting.html#data-splitting-for-time-series}
}